

@article{关立哲2014科技期刊编辑审读中要注重比较思维的科学运用,
    title={科技期刊编辑审读中要注重比较思维的科学运用},
    author={关立哲 and 韩纪富 and 张晨钰},
    journal={编辑学报},
    volume={26},
    number={2},
    pages={3},
    year={2014},
}

@article{li2021characteristics,
    title={Characteristics and trends of coal mine safety development},
    author={Li, Xuelong and Cao, Zuoyong and Xu, Youlin},
    journal={Energy Sources, Part A: Recovery, Utilization, and Environmental Effects},
    pages={1--19},
    year={2021},
    publisher={Taylor \& Francis}
}

@article{betz2015coal,
    title={Coal mining, economic development, and the natural resources curse},
    author={Betz, Michael R and Partridge, Mark D and Farren, Michael and Lobao, Linda},
    journal={Energy Economics},
    volume={50},
    pages={105--116},
    year={2015},
    publisher={Elsevier}
}

@article{xie2012research,
    title={Research and consideration on deep coal mining and critical mining depth},
    author={XIE, He-Ping and Zhou, Hong-wei and Xue, Dong-jie and WANG, Hong-Wei and ZHANG, Ru and Gao, Feng},
    journal={Journal of China Coal Society},
    volume={37},
    number={4},
    pages={535--542},
    year={2012},
    publisher={Editorial Office of Journal of China Coal Society}
}

@book{中国社会科学院台湾史研究中心2012台湾光复六十五周年暨抗战史实学术研讨会论文集,
    title={台湾光复六十五周年暨抗战史实学术研讨会论文集},
    author={中国社会科学院台湾史研究中心},
    publisher={台湾光复六十五周年暨抗战史实学术研讨会论文集},
    year={2012},
}

@article{mohutsiwa2015parametric,
    title={Parametric estimation of capital costs for establishing a coal mine: South Africa case study},
    author={Mohutsiwa, Moshe and Musingwini, C},
    journal={Journal of the Southern African Institute of Mining and Metallurgy},
    volume={115},
    number={8},
    pages={789--797},
    year={2015},
    publisher={The Southern African Institute of Mining and Metallurgy}
}

@article{acharya2020acid,
    title={Acid mine drainage from coal mining in the United States--An overview},
    author={Acharya, Bharat Sharma and Kharel, Gehendra},
    journal={Journal of Hydrology},
    volume={588},
    pages={125061},
    year={2020},
    publisher={Elsevier}
}

@article{younger2004environmental,
    title={Environmental impacts of coal mining and associated wastes: a geochemical perspective},
    author={Younger, Paul L},
    journal={Geological Society, London, Special Publications},
    volume={236},
    number={1},
    pages={169--209},
    year={2004},
    publisher={The Geological Society of London}
}

@article{ 谢和平20192025年中国能源消费及煤炭需求预测,
    author = { 谢和平 and  吴立新 and  郑德志 },
    title = {2025年中国能源消费及煤炭需求预测},
    journal = {煤炭学报},
    volume = {44},
    number = {07},
    pages = {1949-1960},
    year = {2019},
    issn = {0253-9993},
    doi = {10.13225/j.cnki.jccs.2019.0585}
}